@article{karp,
   author={Karp, J},
   title={``{I} can't catch my breath'': Lungs and distance running performance},
   journal={Track Coach},
   volume={155},
   year=2006,
   pages={5577-5579}
}